<?xml version="1.0" encoding="UTF-8"?><collection xmlns="http://www.loc.gov/MARC21/slim"><record><leader>00507nam--2200181-u-4500</leader><controlfield tag="001">000008047</controlfield><controlfield tag="002">20161230</controlfield><controlfield tag="005">20161230201027</controlfield><controlfield tag="008">060222s1000------------r-----000-0-eng-d</controlfield><datafield ind1=" " ind2=" " tag="040"><subfield code="a">IFIN-HH</subfield></datafield><datafield ind1=" " ind2=" " tag="080"><subfield code="a">53</subfield></datafield><datafield ind1="1" ind2=" " tag="100"><subfield code="a">Clark, Sydney P</subfield></datafield><datafield ind1="1" ind2="0" tag="245"><subfield code="a">Handbook of physical constants</subfield><subfield code="c">Sydney p. clark, jr (ed.)</subfield></datafield><datafield ind1=" " ind2=" " tag="250"><subfield code="a">Revised Edition</subfield></datafield><datafield ind1=" " ind2=" " tag="260"><subfield code="a">New York</subfield><subfield code="b">The Geological Society Of America</subfield><subfield code="c">1966</subfield></datafield><datafield ind1=" " ind2=" " tag="300"><subfield code="a">VII + 587 P</subfield></datafield><datafield ind1=" " ind2=" " tag="490"><subfield code="a">The Geological Society Of America. Memoir 97</subfield></datafield><datafield ind1=" " ind2=" " tag="852"><subfield code="a">25976</subfield></datafield></record></collection>